@article{Ainslie_1988,
  author={J F Ainslie},
  title={Calculating the flowfield in the wake of wind turbines},
  journal={J Wind Eng Ind Aerod},
  volume={27},
  year={1988},
  pages={213--224}
}

@misc{Anderson_2011,
  author={M Anderson},
  title={Simplified solution to the eddy-viscosity wake model},
  year={2009},
  note={Renewable Energy Systems Ltd (RES) report. Document reference 01327-000202, issue 03, dated 2011-08-08}
}

@techreport{Hassan1992,
  author={U Hassan},
  title={A Wind Tunnel Investigation of the Wake Structure within Small Wind Turbine Farms},
  institution={Department of Energy},
  year={1992},
  note={E/5A/CON/5113/1890}
}

@misc{Openwind_Theory_Manual,
  author={{AWS Truewind}},
  title={Openwind Theoretical Basis and Validation},
  year={2009},
  note={Version 1.2. Now UL Solutions}
}

@article{QuartonAndAinslie1990,
  author={D C Quarton and J F Ainslie},
  title={Turbulence in Wind Turbine Wakes},
  journal={Wind Eng},
  volume={14},
  number={1},
  year={1990},
  pages={15--23}
}

@book{Taylor_1990,
  author={G J Taylor},
  title={Wake Measurements on the Nibe Wind Turbines in Denmark},
  year={1990},
  publisher={National Power, Technology and Environment Centre}
}

@conference{Vermeulen1980,
  author={P E J Vermeulen},
  title={An experimental analysis of wind turbine wakes},
  booktitle={Proc 3rd International Symposium of Wind Energy Systems},
  year={1980},
  month={August},
  address={Copenhagen}
}

@techreport{VermeulenAndBuiltjes1981,
  author={P E J Vermeulen and P Builtjes},
  title={Mathematical Modelling of Wake Interaction in Wind Turbine Arrays, Part 1},
  institution={TNO},
  year={1981},
  note={81-01473}
}

@techreport{VermeulenAndVijge1981,
  author={P E J Vermeulen and J Vijge},
  title={Mathematical Modelling of Wake Interaction in Wind Turbine Arrays, Part 2},
  institution={TNO},
  year={1981},
  note={81-02834}
}

@misc{WindFarmer_Theory_Manual,
  author={{Garrad Hassan and Partners Ltd}},
  title={WindFarmer Theory Manual - April 2014},
  year={2014},
  note={Version 5.3. Now DNV}
}
